@misc{nproots,
	title = {numpy.roots},
	author = {{Numpy Documentation}},
	url = {https://numpy.org/doc/2.2/reference/generated/numpy.roots.html},
}
@misc{cornellnotes,
	title = {Notes for 2016-10-17},
	date = {2016-10-17},
	author = {Bindel, David},
	url = {https://www.cs.cornell.edu/~
	       bindel/class/cs6210-f16/lec/2016-10-17.pdf},
}
@misc{cornellnotes2,
	title = {Week 11: Monday, Oct 29},
	date = {2012-10-29},
	author = {Bindel, David},
	url = {https://www.cs.cornell.edu/~bindel/class/cs6210-f12/notes/lec28.pdf},
}
@misc{utnlecture,
	title = {Complex Eigenavlues of Real Matrices},
	author = {Freire, Alex},
	url = {https://web.math.utk.edu/~freire/complex-eig2005},
}
@misc{ethbook,
	title = {Lecture Notes on Solving Large Scale Eigenvalue Problems},
	date = {2016},
	author = {Arbenz, Peter},
	url = {https://people.inf.ethz.ch/arbenz/ewp/Lnotes/lsevp.pdf},
}
@misc{kochlab,
	title = {Lab \#9: Power Method for Approximating Eigenvalues},
	date = {2025-02-10},
	author = {Koch, Gregory},
	url = {https://peddie.instructure.com/courses/7772/assignments/182563},
}
@misc{rutgers,
	title = {Math 574 Lecture Notes: Convergence of the QR algorithm},
	author = {Falk, Richard},
	url = {https://sites.math.rutgers.edu/~falk/math574/lecture9.pdf},
}

@misc{lapack:eig,
	title = {Eigenvalues, Eigenvectors and Schur Factorization},
	author = {Blackford, Susan},
	date = {1999-10-01},
	url = {https://www.netlib.org/lapack/lug/node50.html},
}

@misc{byers,
	title = {\textsc{Lapack} 3.1 \texttt{xHSEQR}: Tuning and Implementation
	         Notes on the Small Bulge Multi-shift QR Algorithm with Aggressive
	         Early Deflation},
	author = {Byers, Ralph},
	date = {2007-05},
	url = {https://www.netlib.org/lapack/lawnspdf/lawn187.pdf},
}
@book{cambridge,
	title = {A Second Course in Linear Algebra},
	author = {Garcia, Stephan Ramon and Horn, Roger A.},
	year = {2017},
	publisher = {Cambridge University Press},
}

@misc{wikipedia,
	title = {Hessenberg matrix},
	author = {Wikipedia},
	url = {https://en.wikipedia.org/wiki/Hessenberg_matrix},
}

@misc{mit,
	title = {Lecture 14 Hessenberg/Tridiagonal Reduction},
	author = {Persson, Per-Olof},
	date = {2006-10-26},
	url = {
	       https://dspace.mit.edu/bitstream/handle/1721.1/75282/18-335j-fall-2006/contents/lecture-notes/lec14.pdf
	       },
}

@misc{umn,
	title = {A Simple Proof of Convergence of the $QR$ Algorithm for Normal
	         Matrices Without Shifts},
	author = {Schatzman, Michelle},
	date = {1990-11},
	url = {
	       https://conservancy.umn.edu/server/api/core/bitstreams/ec1ba98c-42ec-4f42-8fa9-f3494af09c2d/content
	       },
}
